<?xml version="1.0" encoding="utf-8"?>
<record xmlns="http://www.loc.gov/MARC21/slim" xmlns:xsi="http://www.w3.org/2001/XMLSchema-instance" xsi:schemaLocation="http://www.loc.gov/MARC21/slim http://www.loc.gov/standards/marcxml/schema/MARC21slim.xsd">
	<leader>     nam a22     Mi 4500</leader>
	<controlfield tag="001">2754040</controlfield>
	<controlfield tag="003">NjP</controlfield>
	<controlfield tag="006">m        d        </controlfield>
	<controlfield tag="007">cr cn |||m|||a</controlfield>
	<controlfield tag="008">180814s1953    mr      o     000 0 arard</controlfield>
	<datafield ind1="7" ind2=" " tag="024">
		<subfield code="a">princeton_aco001395</subfield>
		<subfield code="2">local</subfield>
	</datafield>
	<datafield ind1=" " ind2=" " tag="040">
		<subfield code="a">ZYU</subfield>
		<subfield code="b">eng</subfield>
		<subfield code="c">ZYU</subfield>
	</datafield>
	<datafield ind1=" " ind2=" " tag="043">
		<subfield code="a">a-su---</subfield>
	</datafield>
	<datafield ind1=" " ind2="4" tag="050">
		<subfield code="a">BP187.3</subfield>
		<subfield code="b">.M37 1953</subfield>
	</datafield>
	<datafield ind1=" " ind2=" " tag="079">
		<subfield code="a">ocm18305458</subfield>
	</datafield>
	<datafield ind1="1" ind2=" " tag="100">
		<subfield code="6">880-01</subfield>
		<subfield code="a">Manūnī, Muḥammad.</subfield>
	</datafield>
	<datafield ind1="1" ind2="0" tag="245">
		<subfield code="6">880-02</subfield>
		<subfield code="a">Min ḥadīth al-rakb al-Maghribī</subfield>
		<subfield code="h">[electronic resource].</subfield>
	</datafield>
	<datafield ind1=" " ind2=" " tag="260">
		<subfield code="6">880-03</subfield>
		<subfield code="a">Taṭwān :</subfield>
		<subfield code="b">Maṭbaʻat al-Makhzan,</subfield>
		<subfield code="c">1953.</subfield>
	</datafield>
	<datafield ind1=" " ind2=" " tag="300">
		<subfield code="a">online resource (104 p.)</subfield>
	</datafield>
	<datafield ind1=" " ind2=" " tag="500">
		<subfield code="6">880-04</subfield>
		<subfield code="a">At head of t.p. Maʻhad Mawlāy al-Ḥasan.</subfield>
	</datafield>
	<datafield ind1=" " ind2=" " tag="500">
		<subfield code="6">880-05</subfield>
		<subfield code="a">Cover title: Rakb al-ḥājj al-Maghribī.</subfield>
	</datafield>
	<datafield ind1=" " ind2=" " tag="500">
		<subfield code="a">Added t.p. in Spanish: Las caravanas de las peregrinaciones Marroquies a la Meca.</subfield>
	</datafield>
	<datafield ind1=" " ind2=" " tag="500">
		<subfield code="a">Title-page and text in Arabic.</subfield>
	</datafield>
	<datafield ind1=" " ind2=" " tag="500">
		<subfield code="a">Part of the Arabic Collections Online (ACO) project, contributed by Princeton University Libraries.</subfield>
	</datafield>
	<datafield ind1=" " ind2=" " tag="533">
		<subfield code="a">Electronic reproduction.</subfield>
		<subfield code="b">New York, N.Y. :</subfield>
		<subfield code="c">New York University,</subfield>
		<subfield code="d">2018.</subfield>
		<subfield code="5">NNU</subfield>
	</datafield>
	<datafield ind1=" " ind2="0" tag="650">
		<subfield code="a">Pilgrims and pilgrimages</subfield>
		<subfield code="z">Saudi Arabia</subfield>
		<subfield code="z">Mecca.</subfield>
	</datafield>
	<datafield ind1=" " ind2="0" tag="650">
		<subfield code="a">Moroccan pilgrims and pilgrimages.</subfield>
	</datafield>
	<datafield ind1="2" ind2=" " tag="710">
		<subfield code="a">Princeton University.</subfield>
		<subfield code="b">Library.</subfield>
	</datafield>
	<datafield ind1="0" ind2=" " tag="730">
		<subfield code="a">Arabic Collections Online.</subfield>
	</datafield>
	<datafield ind1="0" ind2=" " tag="740">
		<subfield code="6">880-06</subfield>
		<subfield code="a">Rakb al-Ḥājj al-Maghribī.</subfield>
	</datafield>
	<datafield ind1="4" ind2=" " tag="740">
		<subfield code="a">Las Caravanas de las peregrinaciones Marroquies a la Meca.</subfield>
	</datafield>
	<datafield ind1="0" ind2="8" tag="776">
		<subfield code="i">Print version:</subfield>
		<subfield code="a">Manūnī, Muḥammad.</subfield>
		<subfield code="t">Min ḥadīth al-rakb al-Maghribī</subfield>
		<subfield code="w">(NjP)2754040</subfield>
		<subfield code="w">(DLC)   94968771 </subfield>
	</datafield>
	<datafield ind1="4" ind2="0" tag="856">
		<subfield code="u">http://hdl.handle.net/2333.1/wstqjwsj</subfield>
	</datafield>
	<datafield ind1="1" ind2=" " tag="880">
		<subfield code="6">100-01</subfield>
		<subfield code="a">منوني، محمد.‎‎‎</subfield>
	</datafield>
	<datafield ind1="1" ind2="0" tag="880">
		<subfield code="6">245-02</subfield>
		<subfield code="a">من حديث الركب المغربي.‎‎‎</subfield>
	</datafield>
	<datafield ind1=" " ind2=" " tag="880">
		<subfield code="6">260-03</subfield>
		<subfield code="a">تطوان :‎‎‎</subfield>
		<subfield code="b">مطبعة المخزن،‎‎‎</subfield>
		<subfield code="c">1953.</subfield>
	</datafield>
	<datafield ind1=" " ind2=" " tag="880">
		<subfield code="6">500-04</subfield>
		<subfield code="a">At head of t.p. معهد مولاي الحسن.‎‎‎</subfield>
	</datafield>
	<datafield ind1=" " ind2=" " tag="880">
		<subfield code="6">500-05</subfield>
		<subfield code="a">Cover title: ركب الحاج المغربي.‎‎‎</subfield>
	</datafield>
	<datafield ind1="0" ind2=" " tag="880">
		<subfield code="6">740-06</subfield>
		<subfield code="a">ركب الحاج المغربي.‎‎‎</subfield>
	</datafield>
	<datafield ind1=" " ind2=" " tag="911">
		<subfield code="a">20000130</subfield>
	</datafield>
	<datafield ind1=" " ind2=" " tag="959">
		<subfield code="a">NNU</subfield>
		<subfield code="b">WEB</subfield>
		<subfield code="c">GENI</subfield>
		<subfield code="t">0</subfield>
		<subfield code="m">Electronic access</subfield>
		<subfield code="s">01</subfield>
	</datafield>
	<datafield ind1=" " ind2=" " tag="999">
		<subfield code="a">2754040</subfield>
		<subfield code="e">(ERROR-MISC)</subfield>
		<subfield code="i">NjP_2754040</subfield>
		<subfield code="s">princeton_aco001395</subfield>
	</datafield>
</record>
